<record><leader>00000cas a22000007a 4500</leader><controlfield tag="001">27878948</controlfield><controlfield tag="008">930408d1893189ucauwr ne      0    0eng d</controlfield><datafield ind1=" " ind2=" " tag="010"><subfield code="a">sn 93051940 </subfield></datafield><datafield ind1=" " ind2=" " tag="040"><subfield code="a">CUY</subfield><subfield code="b">eng</subfield><subfield code="c">CNK</subfield><subfield code="d">OCLCQ</subfield></datafield><datafield ind1=" " ind2=" " tag="042"><subfield code="a">msc</subfield></datafield><datafield ind1="0" ind2="0" tag="245"><subfield code="a">Berkeley weekly herald.</subfield></datafield><datafield ind1=" " ind2=" " tag="260"><subfield code="a">Berkeley, Cal. :</subfield><subfield code="b">Herald Pub. Co.</subfield></datafield><datafield ind1=" " ind2=" " tag="300"><subfield code="a">v.</subfield></datafield><datafield ind1=" " ind2=" " tag="310"><subfield code="a">Weekly</subfield></datafield><datafield ind1="0" ind2=" " tag="362"><subfield code="a">Vol. 7, no. 282 (Aug. 3, 1893)-</subfield></datafield><datafield ind1=" " ind2="4" tag="651"><subfield code="a">San Francisco Bay Area (Calif.)</subfield><subfield code="v">Newspapers.</subfield></datafield><datafield ind1=" " ind2=" " tag="752"><subfield code="a">United States</subfield><subfield code="b">California</subfield><subfield code="c">Alameda</subfield><subfield code="d">Berkeley.</subfield></datafield><datafield ind1="0" ind2=" " tag="775"><subfield code="t">Berkeley daily herald</subfield><subfield code="w">(DLC)sn 93051942</subfield></datafield><datafield ind1="0" ind2="0" tag="780"><subfield code="t">Berkeley herald (Berkeley, Calif. : 1886)</subfield><subfield code="w">(DLC)sn 85066483</subfield></datafield><datafield ind1="0" ind2="0" tag="785"><subfield code="t">Berkeley herald (Berkeley, Calif. : 1895)</subfield><subfield code="w">(DLC)sn 93051941</subfield></datafield><datafield ind1="1" ind2=" " tag="029"><subfield code="a">AU@</subfield><subfield code="b">000020752295</subfield></datafield></record>